@article{kosar2009new,
  title={A new paradigm: Data-aware scheduling in grid computing},
  author={Kosar, Tevfik and Balman, Mehmet},
  journal={Future Generation Computer Systems},
  volume={25},
  number={4},
  pages={406--413},
  year={2009},
  publisher={Elsevier}
}

@article{hey2003data,
  title={The data deluge: An e-science perspective},
  author={Hey, Anthony JG and Trefethen, Anne E},
  year={2003},
  publisher={Wiley and Sons}
}

@inproceedings{rew2006netcdf,
  title={NetCDF-4: software implementing an enhanced data model for the geosciences},
  author={Rew, R and Hartnett, E and Caron, J and others},
  booktitle={22nd International Conference on Interactive Information Processing Systems for Meteorology, Oceanograph, and Hydrology},
  year={2006}
}

@article{rew1990netcdf,
  title={NetCDF: an interface for scientific data access},
  author={Rew, Russ and Davis, Glenn},
  journal={Computer Graphics and Applications, IEEE},
  volume={10},
  number={4},
  pages={76--82},
  year={1990},
  publisher={IEEE}
}

@inproceedings{folk1999hdf5,
  title={HDF5: A file format and I/O library for high performance computing applications},
  author={Folk, Mike and Cheng, Albert and Yates, Kim},
  booktitle={Proceedings of Supercomputing},
  volume={99},
  year={1999}
}

@inproceedings{lofstead2008input,
  title={Input/output apis and data organization for high performance scientific computing},
  author={Lofstead, Jay and Zheng, Fang and Klasky, Scott and Schwan, Karsten},
  booktitle={Petascale Data Storage Workshop, 2008. PDSW'08. 3rd},
  pages={1--6},
  year={2008},
  organization={IEEE}
}

@article{zender2008analysis,
  title={Analysis of self-describing gridded geoscience data with netCDF Operators (NCO)},
  author={Zender, Charles S},
  journal={Environmental Modelling \& Software},
  volume={23},
  number={10},
  pages={1338--1342},
  year={2008},
  publisher={Elsevier}
}

@misc{ncl,
author = {NCAR},
title = {NCAR Command Language},
howpublished = {\url{http://www.ncl.ucar.edu/}}
}

@incollection{zhao2010parallel,
  title={Parallel accessing massive NetCDF data based on mapreduce},
  author={Zhao, Hui and Ai, SiYun and Lv, ZhenHua and Li, Bo},
  booktitle={Web Information Systems and Mining},
  pages={425--431},
  year={2010},
  publisher={Springer}
}

@article{dean2008mapreduce,
  title={MapReduce: simplified data processing on large clusters},
  author={Dean, Jeffrey and Ghemawat, Sanjay},
  journal={Communications of the ACM},
  volume={51},
  number={1},
  pages={107--113},
  year={2008},
  publisher={ACM}
}

@inproceedings{buck2011scihadoop,
  title={Scihadoop: Array-based query processing in hadoop},
  author={Buck, Joe B and Watkins, Noah and LeFevre, Jeff and Ioannidou, Kleoni and Maltzahn, Carlos and Polyzotis, Neoklis and Brandt, Scott},
  booktitle={Proceedings of 2011 International Conference for High Performance Computing, Networking, Storage and Analysis},
  pages={66},
  year={2011},
  organization={ACM}
}

@inproceedings{wang2008clustered,
  title={Clustered workflow execution of retargeted data analysis scripts},
  author={Wang, Daniel L and Zender, Charles S and Jenks, Stephen F},
  booktitle={Cluster Computing and the Grid, 2008. CCGRID'08. 8th IEEE International Symposium on},
  pages={449--458},
  year={2008},
  organization={IEEE}
}

@article{borthakur2008hdfs,
  title={HDFS architecture guide},
  author={Borthakur, Dhruba},
  journal={HADOOP APACHE PROJECT http://hadoop. apache. org/common/docs/current/hdfs design. pdf},
  year={2008}
}

@inproceedings{ghemawat2003google,
  title={The Google file system},
  author={Ghemawat, Sanjay and Gobioff, Howard and Leung, Shun-Tak},
  booktitle={ACM SIGOPS Operating Systems Review},
  volume={37},
  number={5},
  pages={29--43},
  year={2003},
  organization={ACM}
}
